
@article{norgaard-nielsenForegroundRemovalCMB2008,
  title = {Foreground Removal from {{CMB}} Temperature Maps Using an {{MLP}} Neural Network},
  doi = {10.1007/s10509-008-9912-6},
  language = {en},
  author = {{Norgaard-Nielsen}, H. U. and Jorgensen, H. E.},
  month = sep,
  year = {2008},
  file = {/home/yao/Zotero/storage/EXND5T4S/Norgaard-Nielsen and Jorgensen - 2008 - Foreground removal from CMB temperature maps using.pdf;/home/yao/Zotero/storage/WSBUIS5N/0809.html}
}

@article{zhangABSAnalyticalMethod2016,
  archivePrefix = {arXiv},
  eprinttype = {arxiv},
  eprint = {1608.03707},
  
  title = {{{ABS}}: An {{Analytical}} Method of {{Blind Separation}} of {{CMB}} from Foregrounds},
  shorttitle = {{{ABS}}},
  journal = {ArXiv160803707 Astro-Ph},
  author = {Zhang, Pengjie and Zhang, Jun and Zhang, Le},
  month = aug,
  year = {2016},
  keywords = {Astrophysics - Cosmology and Nongalactic Astrophysics},
  file = {/home/yao/Zotero/storage/EMKMQRNL/Zhang et al. - 2016 - ABS an Analytical method of Blind Separation of C.pdf;/home/yao/Zotero/storage/2AZDQC9C/1608.html}
}

@article{thornePythonSkyModel2017,
  archivePrefix = {arXiv},
  eprinttype = {arxiv},
  eprint = {1608.02841},
  title = {The {{Python Sky Model}}: Software for Simulating the {{Galactic}} Microwave Sky},
  volume = {469},
  issn = {0035-8711, 1365-2966},
  shorttitle = {The {{Python Sky Model}}},
  doi = {10.1093/mnras/stx949},
  number = {3},
  journal = {Mon. Not. R. Astron. Soc.},
  author = {Thorne, Ben and Dunkley, Jo and Alonso, David and Naess, Sigurd},
  month = aug,
  year = {2017},
  keywords = {Astrophysics - Cosmology and Nongalactic Astrophysics},
  pages = {2821-2833},
  file = {/home/yao/Zotero/storage/CUPDLTL5/Thorne et al. - 2017 - The Python Sky Model software for simulating the .pdf;/home/yao/Zotero/storage/3F3ZECKH/1608.html}
}

@article{remazeillesExploringCosmicOrigins2018,
  archivePrefix = {arXiv},
  eprinttype = {arxiv},
  eprint = {1704.04501},
  title = {Exploring {{Cosmic Origins}} with {{CORE}}: {{B}}-Mode {{Component Separation}}},
  volume = {2018},
  issn = {1475-7516},
  shorttitle = {Exploring {{Cosmic Origins}} with {{CORE}}},
  doi = {10.1088/1475-7516/2018/04/023},
  number = {04},
  journal = {J. Cosmol. Astropart. Phys.},
  author = {Remazeilles, M. and Banday, A. J. and Baccigalupi, C. and Basak, S. and Bonaldi, A. and De Zotti, G. and Delabrouille, J. and Dickinson, C. and Eriksen, H. K. and Errard, J. and {Fernandez-Cobos}, R. and Fuskeland, U. and {Herv\'ias-Caimapo}, C. and {L\'opez-Caniego}, M. and {Martinez-Gonz\'alez}, E. and Roman, M. and Vielva, P. and Wehus, I. and Achucarro, A. and Ade, P. and Allison, R. and Ashdown, M. and Ballardini, M. and Banerji, R. and Bartolo, N. and Bartlett, J. and Baumann, D. and Bersanelli, M. and Bonato, M. and Borrill, J. and Bouchet, F. and Boulanger, F. and Brinckmann, T. and Bucher, M. and Burigana, C. and Buzzelli, A. and Cai, Z.-Y. and Calvo, M. and Carvalho, C.-S. and Castellano, G. and Challinor, A. and Chluba, J. and Clesse, S. and Colantoni, I. and Coppolecchia, A. and Crook, M. and D'Alessandro, G. and {de Bernardis}, P. and {de Gasperis}, G. and Diego, J.-M. and Di Valentino, E. and Feeney, S. and Ferraro, S. and Finelli, F. and Forastieri, F. and Galli, S. and {Genova-Santos}, R. and Gerbino, M. and {Gonz\'alez-Nuevo}, J. and Grandis, S. and Greenslade, J. and Hagstotz, S. and Hanany, S. and Handley, W. and {Hernandez-Monteagudo}, C. and Hills, M. and Hivon, E. and Kiiveri, K. and Kisner, T. and Kitching, T. and Kunz, M. and {Kurki-Suonio}, H. and Lamagna, L. and Lasenby, A. and Lattanzi, M. and Lesgourgues, J. and Lewis, A. and Liguori, M. and Lindholm, V. and Luzzi, G. and Maffei, B. and Martins, C. J. A. P. and Masi, S. and McCarthy, D. and Melin, J.-B. and Melchiorri, A. and Molinari, D. and Monfardini, A. and Natoli, P. and Negrello, M. and Notari, A. and Paiella, A. and Paoletti, D. and Patanchon, G. and Piat, M. and Pisano, G. and Polastri, L. and Polenta, G. and Pollo, A. and Poulin, V. and Quartin, M. and {Rubino-Martin}, J.-A. and Salvati, L. and Tartari, A. and Tomasi, M. and Tramonte, D. and Trappe, N. and Trombetti, T. and Tucker, C. and Valiviita, J. and {Van de Weijgaert}, R. and {van Tent}, B. and Vennin, V. and Vittorio, N. and Young, K. and Zannoni, M. and {collaboration}, for the CORE},
  month = apr,
  year = {2018},
  keywords = {Astrophysics - Cosmology and Nongalactic Astrophysics,Astrophysics - Instrumentation and Methods for Astrophysics,Astrophysics - Astrophysics of Galaxies},
  pages = {023-023},
  file = {/home/yao/Zotero/storage/RTPEWU62/Remazeilles et al. - 2018 - Exploring Cosmic Origins with CORE B-mode Compone.pdf;/home/yao/Zotero/storage/BRPBSXID/1704.html}
}

@article{whiteSachsWolfeEffect1996,
  archivePrefix = {arXiv},
  eprinttype = {arxiv},
  eprint = {astro-ph/9609105},
  title = {The {{Sachs}}-{{Wolfe Effect}}},
  journal = {ArXivastro-Ph9609105},
  author = {White, Martin and Hu, Wayne},
  month = sep,
  year = {1996},
  keywords = {Astrophysics},
  file = {/home/yao/Zotero/storage/KIL5VNSA/White and Hu - 1996 - The Sachs-Wolfe Effect.pdf;/home/yao/Zotero/storage/NKTQL8WL/9609105.html}
}

@article{kovacsMoreOutLess2018,
  archivePrefix = {arXiv},
  eprinttype = {arxiv},
  eprint = {1811.07812},
  primaryClass = {astro-ph},
  title = {More out of Less: An Excess Integrated {{Sachs}}-{{Wolfe}} Signal from Supervoids Mapped out by the {{Dark Energy Survey}}},
  shorttitle = {More out of Less},
  language = {en},
  journal = {ArXiv181107812 Astro-Ph},
  author = {Kov\'acs, A. and S\'anchez, C. and {Garc\'ia-Bellido}, J. and {Elvin-Poole}, J. and Hamaus, N. and Miranda, V. and Nadathur, S. and Abott, T. and Abdalla, F. B. and Annis, J. and Avila, S. and Bertin, E. and Brooks, D. and Burke, D. L. and Rosell, A. Carnero and Kind, M. Carrasco and Carretero, J. and Cawthon, R. and Crocce, M. and Cunha, C. and {da Costa}, L. N. and Davis, C. and De Vicente, J. and DePoy, D. and Desai, S. and Diehl, H. T. and Doel, P. and Fernandez, E. and Flaugher, B. and Fosalba, P. and Frieman, J. and Gazta\~naga, E. and Gerdes, D. and Gruendl, R. and Gutierrez, G. and Hartley, W. and Hollowood, D. L. and Honscheid, K. and Hoyle, B. and James, D. J. and Krause, E. and Kuehn, K. and Kuropatkin, N. and Lahav, O. and Lima, M. and Maia, M. and March, M. and Marshall, J. and Melchior, P. and Menanteau, F. and Miller, C. J. and Miquel, R. and Mohr, J. and Plazas, A. A. and Romer, K. and Rykoff, E. and Sanchez, E. and Scarpine, V. and Schindler, R. and Schubnell, M. and {Sevilla-Noarbe}, I. and Smith, M. and Smith, R. C. and {Soares-Santos}, M. and Sobreira, F. and Suchyta, E. and Swanson, M. and Tarle, G. and Thomas, D. and Vikram, V. and Weller, J.},
  month = nov,
  year = {2018},
  keywords = {Astrophysics - Cosmology and Nongalactic Astrophysics},
  file = {/home/yao/Zotero/storage/9VPYCS4U/Kov√°cs et al. - 2018 - More out of less an excess integrated Sachs-Wolfe.pdf}
}

@article{deoliveira-costaModelDiffuseGalactic2008,
  archivePrefix = {arXiv},
  eprinttype = {arxiv},
  eprint = {0802.1525},
  title = {A Model of Diffuse {{Galactic Radio Emission}} from 10 {{MHz}} to 100 {{GHz}}},
  volume = {388},
  issn = {00358711, 13652966},
  doi = {10.1111/j.1365-2966.2008.13376.x},
  number = {1},
  journal = {Mon. Not. R. Astron. Soc.},
  author = {{de Oliveira-Costa}, Angelica and Tegmark, Max and Gaensler, B. M. and Jonas, Justin and Landecker, T. L. and Reich, Patricia},
  month = jul,
  year = {2008},
  keywords = {Astrophysics},
  pages = {247-260},
  file = {/home/yao/Zotero/storage/YJ7QSX4S/de Oliveira-Costa et al. - 2008 - A model of diffuse Galactic Radio Emission from 10.pdf;/home/yao/Zotero/storage/JC3G53ML/0802.html}
}

@article{houComparisonMapsPower2018,
  title = {A {{Comparison}} of {{Maps}} and {{Power Spectra Determined}} from {{South Pole Telescope}} and {{Planck Data}}},
  volume = {853},
  issn = {0004-637X},
  doi = {10.3847/1538-4357/aaa3ef},
  language = {en},
  number = {1},
  journal = {ApJ},
  author = {Hou, Z. and Aylor, K. and Benson, B. A. and Bleem, L. E. and Carlstrom, J. E. and Chang, C. L. and Cho, H.-M. and Chown, R. and Crawford, T. M. and Crites, A. T. and de Haan, T. and Dobbs, M. A. and Everett, W. B. and Follin, B. and George, E. M. and Halverson, N. W. and Harrington, N. L. and Holder, G. P. and Holzapfel, W. L. and Hrubes, J. D. and Keisler, R. and Knox, L. and Lee, A. T. and Leitch, E. M. and {D. Luong-Van} and Marrone, D. P. and McMahon, J. J. and Meyer, S. S. and Millea, M. and Mocanu, L. M. and Mohr, J. J. and Natoli, T. and {Y. Omori} and Padin, S. and Pryke, C. and Reichardt, C. L. and Ruhl, J. E. and Sayre, J. T. and Schaffer, K. K. and Shirokoff, E. and {Z. Staniszewski} and Stark, A. A. and Story, K. T. and Vanderlinde, K. and Vieira, J. D. and Williamson, R.},
  year = {2018},
  pages = {3},
  file = {/home/yao/Zotero/storage/7CF6J974/Hou et al. - 2018 - A Comparison of Maps and Power Spectra Determined .pdf}
}

@misc{QUANTIFYINGDISCORDANCE2015,
  title = {{{QUANTIFYING DISCORDANCE IN THE}} 2015 {{PLANCK CMB SPECTRUM}} - {{IOPscience}}},
  howpublished = {http://iopscience.iop.org/article/10.3847/0004-637X/818/2/132/meta},
  file = {/home/yao/Desktop/|/QUANTIFYING DISCORDANCE IN THE 2015 PLANCK CMB SPE.pdf;/home/yao/Zotero/storage/T7DGTPFX/meta.html}
}

@article{porqueresExplicitBayesianTreatment2018,
  title = {Explicit {{Bayesian}} Treatment of Unknown Foreground Contaminations in Galaxy Surveys},
  language = {en},
  author = {Porqueres, Natalia and Ramanah, Doogesh Kodi and Jasche, Jens and Lavaux, Guilhem},
  month = dec,
  year = {2018},
  file = {/home/yao/Zotero/storage/Q63XLNH8/Porqueres et al. - 2018 - Explicit Bayesian treatment of unknown foreground .pdf;/home/yao/Zotero/storage/LJF37QT2/1812.html}
}

@article{planckcollaborationPlanck2015Results2016b,
  title = {{\emph{Planck}} 2015 Results: {{XI}}. {{CMB}} Power Spectra, Likelihoods, and Robustness of Parameters},
  volume = {594},
  issn = {0004-6361, 1432-0746},
  shorttitle = {{\emph{Planck}} 2015 Results},
  doi = {10.1051/0004-6361/201526926},
  language = {en},
  journal = {Astron. Astrophys.},
  author = {{Planck Collaboration} and Aghanim, N. and Arnaud, M. and Ashdown, M. and Aumont, J. and Baccigalupi, C. and Banday, A. J. and Barreiro, R. B. and Bartlett, J. G. and Bartolo, N. and Battaner, E. and Benabed, K. and Beno\^it, A. and {Benoit-L\'evy}, A. and Bernard, J.-P. and Bersanelli, M. and Bielewicz, P. and Bock, J. J. and Bonaldi, A. and Bonavera, L. and Bond, J. R. and Borrill, J. and Bouchet, F. R. and Boulanger, F. and Bucher, M. and Burigana, C. and Butler, R. C. and Calabrese, E. and Cardoso, J.-F. and Catalano, A. and Challinor, A. and Chiang, H. C. and Christensen, P. R. and Clements, D. L. and Colombo, L. P. L. and Combet, C. and Coulais, A. and Crill, B. P. and Curto, A. and Cuttaia, F. and Danese, L. and Davies, R. D. and Davis, R. J. and {de Bernardis}, P. and {de Rosa}, A. and {de Zotti}, G. and Delabrouille, J. and D\'esert, F.-X. and Di Valentino, E. and Dickinson, C. and Diego, J. M. and Dolag, K. and Dole, H. and Donzelli, S. and Dor\'e, O. and Douspis, M. and Ducout, A. and Dunkley, J. and Dupac, X. and Efstathiou, G. and Elsner, F. and En\ss{}lin, T. A. and Eriksen, H. K. and Fergusson, J. and Finelli, F. and Forni, O. and Frailis, M. and Fraisse, A. A. and Franceschi, E. and Frejsel, A. and Galeotta, S. and Galli, S. and Ganga, K. and Gauthier, C. and Gerbino, M. and Giard, M. and Gjerl\o{}w, E. and {Gonz\'alez-Nuevo}, J. and G\'orski, K. M. and Gratton, S. and Gregorio, A. and Gruppuso, A. and Gudmundsson, J. E. and Hamann, J. and Hansen, F. K. and Harrison, D. L. and Helou, G. and {Henrot-Versill\'e}, S. and {Hern\'andez-Monteagudo}, C. and Herranz, D. and Hildebrandt, S. R. and Hivon, E. and Holmes, W. A. and Hornstrup, A. and Huffenberger, K. M. and Hurier, G. and Jaffe, A. H. and Jones, W. C. and Juvela, M. and Keih\"anen, E. and Keskitalo, R. and Kiiveri, K. and Knoche, J. and Knox, L. and Kunz, M. and {Kurki-Suonio}, H. and Lagache, G. and L\"ahteenm\"aki, A. and Lamarre, J.-M. and Lasenby, A. and Lattanzi, M. and Lawrence, C. R. and Le Jeune, M. and Leonardi, R. and Lesgourgues, J. and Levrier, F. and Lewis, A. and Liguori, M. and Lilje, P. B. and Lilley, M. and {Linden-V\o{}rnle}, M. and Lindholm, V. and {L\'opez-Caniego}, M. and {Mac\'ias-P\'erez}, J. F. and Maffei, B. and Maggio, G. and Maino, D. and Mandolesi, N. and Mangilli, A. and Maris, M. and Martin, P. G. and {Mart\'inez-Gonz\'alez}, E. and Masi, S. and Matarrese, S. and Meinhold, P. R. and Melchiorri, A. and Migliaccio, M. and Millea, M. and Mitra, S. and {Miville-Desch\^enes}, M.-A. and Moneti, A. and Montier, L. and Morgante, G. and Mortlock, D. and Mottet, S. and Munshi, D. and Murphy, J. A. and Narimani, A. and Naselsky, P. and Nati, F. and Natoli, P. and Noviello, F. and Novikov, D. and Novikov, I. and Oxborrow, C. A. and Paci, F. and Pagano, L. and Pajot, F. and Paoletti, D. and Partridge, B. and Pasian, F. and Patanchon, G. and Pearson, T. J. and Perdereau, O. and Perotto, L. and Pettorino, V. and Piacentini, F. and Piat, M. and Pierpaoli, E. and Pietrobon, D. and Plaszczynski, S. and Pointecouteau, E. and Polenta, G. and Ponthieu, N. and Pratt, G. W. and Prunet, S. and Puget, J.-L. and Rachen, J. P. and Reinecke, M. and Remazeilles, M. and Renault, C. and Renzi, A. and Ristorcelli, I. and Rocha, G. and Rossetti, M. and Roudier, G. and {Rouill\'e d'Orfeuil}, B. and {Rubi\~no-Mart\'in}, J. A. and Rusholme, B. and Salvati, L. and Sandri, M. and Santos, D. and Savelainen, M. and Savini, G. and Scott, D. and Serra, P. and Spencer, L. D. and Spinelli, M. and Stolyarov, V. and Stompor, R. and Sunyaev, R. and Sutton, D. and {Suur-Uski}, A.-S. and Sygnet, J.-F. and Tauber, J. A. and Terenzi, L. and Toffolatti, L. and Tomasi, M. and Tristram, M. and Trombetti, T. and Tucci, M. and Tuovinen, J. and Umana, G. and Valenziano, L. and Valiviita, J. and Van Tent, F. and Vielva, P. and Villa, F. and Wade, L. A. and Wandelt, B. D. and Wehus, I. K. and Yvon, D. and Zacchei, A. and Zonca, A.},
  month = oct,
  year = {2016},
  pages = {A11},
  file = {/home/yao/Zotero/storage/68GN6UQB/Planck Collaboration et al. - 2016 - iPlancki 2015 results XI. CMB power spectra,.pdf}
}

@article{planckcollaborationPlanck2015Results2016c,
  title = {{\emph{Planck}} 2015 Results: {{XI}}. {{CMB}} Power Spectra, Likelihoods, and Robustness of Parameters},
  volume = {594},
  issn = {0004-6361, 1432-0746},
  shorttitle = {{\emph{Planck}} 2015 Results},
  doi = {10.1051/0004-6361/201526926},
  language = {en},
  journal = {Astron. Astrophys.},
  author = {{Planck Collaboration} and Aghanim, N. and Arnaud, M. and Ashdown, M. and Aumont, J. and Baccigalupi, C. and Banday, A. J. and Barreiro, R. B. and Bartlett, J. G. and Bartolo, N. and Battaner, E. and Benabed, K. and Beno\^it, A. and {Benoit-L\'evy}, A. and Bernard, J.-P. and Bersanelli, M. and Bielewicz, P. and Bock, J. J. and Bonaldi, A. and Bonavera, L. and Bond, J. R. and Borrill, J. and Bouchet, F. R. and Boulanger, F. and Bucher, M. and Burigana, C. and Butler, R. C. and Calabrese, E. and Cardoso, J.-F. and Catalano, A. and Challinor, A. and Chiang, H. C. and Christensen, P. R. and Clements, D. L. and Colombo, L. P. L. and Combet, C. and Coulais, A. and Crill, B. P. and Curto, A. and Cuttaia, F. and Danese, L. and Davies, R. D. and Davis, R. J. and {de Bernardis}, P. and {de Rosa}, A. and {de Zotti}, G. and Delabrouille, J. and D\'esert, F.-X. and Di Valentino, E. and Dickinson, C. and Diego, J. M. and Dolag, K. and Dole, H. and Donzelli, S. and Dor\'e, O. and Douspis, M. and Ducout, A. and Dunkley, J. and Dupac, X. and Efstathiou, G. and Elsner, F. and En\ss{}lin, T. A. and Eriksen, H. K. and Fergusson, J. and Finelli, F. and Forni, O. and Frailis, M. and Fraisse, A. A. and Franceschi, E. and Frejsel, A. and Galeotta, S. and Galli, S. and Ganga, K. and Gauthier, C. and Gerbino, M. and Giard, M. and Gjerl\o{}w, E. and {Gonz\'alez-Nuevo}, J. and G\'orski, K. M. and Gratton, S. and Gregorio, A. and Gruppuso, A. and Gudmundsson, J. E. and Hamann, J. and Hansen, F. K. and Harrison, D. L. and Helou, G. and {Henrot-Versill\'e}, S. and {Hern\'andez-Monteagudo}, C. and Herranz, D. and Hildebrandt, S. R. and Hivon, E. and Holmes, W. A. and Hornstrup, A. and Huffenberger, K. M. and Hurier, G. and Jaffe, A. H. and Jones, W. C. and Juvela, M. and Keih\"anen, E. and Keskitalo, R. and Kiiveri, K. and Knoche, J. and Knox, L. and Kunz, M. and {Kurki-Suonio}, H. and Lagache, G. and L\"ahteenm\"aki, A. and Lamarre, J.-M. and Lasenby, A. and Lattanzi, M. and Lawrence, C. R. and Le Jeune, M. and Leonardi, R. and Lesgourgues, J. and Levrier, F. and Lewis, A. and Liguori, M. and Lilje, P. B. and Lilley, M. and {Linden-V\o{}rnle}, M. and Lindholm, V. and {L\'opez-Caniego}, M. and {Mac\'ias-P\'erez}, J. F. and Maffei, B. and Maggio, G. and Maino, D. and Mandolesi, N. and Mangilli, A. and Maris, M. and Martin, P. G. and {Mart\'inez-Gonz\'alez}, E. and Masi, S. and Matarrese, S. and Meinhold, P. R. and Melchiorri, A. and Migliaccio, M. and Millea, M. and Mitra, S. and {Miville-Desch\^enes}, M.-A. and Moneti, A. and Montier, L. and Morgante, G. and Mortlock, D. and Mottet, S. and Munshi, D. and Murphy, J. A. and Narimani, A. and Naselsky, P. and Nati, F. and Natoli, P. and Noviello, F. and Novikov, D. and Novikov, I. and Oxborrow, C. A. and Paci, F. and Pagano, L. and Pajot, F. and Paoletti, D. and Partridge, B. and Pasian, F. and Patanchon, G. and Pearson, T. J. and Perdereau, O. and Perotto, L. and Pettorino, V. and Piacentini, F. and Piat, M. and Pierpaoli, E. and Pietrobon, D. and Plaszczynski, S. and Pointecouteau, E. and Polenta, G. and Ponthieu, N. and Pratt, G. W. and Prunet, S. and Puget, J.-L. and Rachen, J. P. and Reinecke, M. and Remazeilles, M. and Renault, C. and Renzi, A. and Ristorcelli, I. and Rocha, G. and Rossetti, M. and Roudier, G. and {Rouill\'e d'Orfeuil}, B. and {Rubi\~no-Mart\'in}, J. A. and Rusholme, B. and Salvati, L. and Sandri, M. and Santos, D. and Savelainen, M. and Savini, G. and Scott, D. and Serra, P. and Spencer, L. D. and Spinelli, M. and Stolyarov, V. and Stompor, R. and Sunyaev, R. and Sutton, D. and {Suur-Uski}, A.-S. and Sygnet, J.-F. and Tauber, J. A. and Terenzi, L. and Toffolatti, L. and Tomasi, M. and Tristram, M. and Trombetti, T. and Tucci, M. and Tuovinen, J. and Umana, G. and Valenziano, L. and Valiviita, J. and Van Tent, F. and Vielva, P. and Villa, F. and Wade, L. A. and Wandelt, B. D. and Wehus, I. K. and Yvon, D. and Zacchei, A. and Zonca, A.},
  month = oct,
  year = {2016},
  pages = {A11},
  file = {/home/yao/Zotero/storage/C6X5B8MG/Planck Collaboration et al. - 2016 - iPlancki 2015 results XI. CMB power spectra,.pdf}
}

@article{planckcollaborationPlanck2015Results2016d,
  title = {{\emph{Planck}} 2015 Results: {{XI}}. {{CMB}} Power Spectra, Likelihoods, and Robustness of Parameters},
  volume = {594},
  issn = {0004-6361, 1432-0746},
  shorttitle = {{\emph{Planck}} 2015 Results},
  doi = {10.1051/0004-6361/201526926},
  language = {en},
  journal = {Astron. Astrophys.},
  author = {{Planck Collaboration} and Aghanim, N. and Arnaud, M. and Ashdown, M. and Aumont, J. and Baccigalupi, C. and Banday, A. J. and Barreiro, R. B. and Bartlett, J. G. and Bartolo, N. and Battaner, E. and Benabed, K. and Beno\^it, A. and {Benoit-L\'evy}, A. and Bernard, J.-P. and Bersanelli, M. and Bielewicz, P. and Bock, J. J. and Bonaldi, A. and Bonavera, L. and Bond, J. R. and Borrill, J. and Bouchet, F. R. and Boulanger, F. and Bucher, M. and Burigana, C. and Butler, R. C. and Calabrese, E. and Cardoso, J.-F. and Catalano, A. and Challinor, A. and Chiang, H. C. and Christensen, P. R. and Clements, D. L. and Colombo, L. P. L. and Combet, C. and Coulais, A. and Crill, B. P. and Curto, A. and Cuttaia, F. and Danese, L. and Davies, R. D. and Davis, R. J. and {de Bernardis}, P. and {de Rosa}, A. and {de Zotti}, G. and Delabrouille, J. and D\'esert, F.-X. and Di Valentino, E. and Dickinson, C. and Diego, J. M. and Dolag, K. and Dole, H. and Donzelli, S. and Dor\'e, O. and Douspis, M. and Ducout, A. and Dunkley, J. and Dupac, X. and Efstathiou, G. and Elsner, F. and En\ss{}lin, T. A. and Eriksen, H. K. and Fergusson, J. and Finelli, F. and Forni, O. and Frailis, M. and Fraisse, A. A. and Franceschi, E. and Frejsel, A. and Galeotta, S. and Galli, S. and Ganga, K. and Gauthier, C. and Gerbino, M. and Giard, M. and Gjerl\o{}w, E. and {Gonz\'alez-Nuevo}, J. and G\'orski, K. M. and Gratton, S. and Gregorio, A. and Gruppuso, A. and Gudmundsson, J. E. and Hamann, J. and Hansen, F. K. and Harrison, D. L. and Helou, G. and {Henrot-Versill\'e}, S. and {Hern\'andez-Monteagudo}, C. and Herranz, D. and Hildebrandt, S. R. and Hivon, E. and Holmes, W. A. and Hornstrup, A. and Huffenberger, K. M. and Hurier, G. and Jaffe, A. H. and Jones, W. C. and Juvela, M. and Keih\"anen, E. and Keskitalo, R. and Kiiveri, K. and Knoche, J. and Knox, L. and Kunz, M. and {Kurki-Suonio}, H. and Lagache, G. and L\"ahteenm\"aki, A. and Lamarre, J.-M. and Lasenby, A. and Lattanzi, M. and Lawrence, C. R. and Le Jeune, M. and Leonardi, R. and Lesgourgues, J. and Levrier, F. and Lewis, A. and Liguori, M. and Lilje, P. B. and Lilley, M. and {Linden-V\o{}rnle}, M. and Lindholm, V. and {L\'opez-Caniego}, M. and {Mac\'ias-P\'erez}, J. F. and Maffei, B. and Maggio, G. and Maino, D. and Mandolesi, N. and Mangilli, A. and Maris, M. and Martin, P. G. and {Mart\'inez-Gonz\'alez}, E. and Masi, S. and Matarrese, S. and Meinhold, P. R. and Melchiorri, A. and Migliaccio, M. and Millea, M. and Mitra, S. and {Miville-Desch\^enes}, M.-A. and Moneti, A. and Montier, L. and Morgante, G. and Mortlock, D. and Mottet, S. and Munshi, D. and Murphy, J. A. and Narimani, A. and Naselsky, P. and Nati, F. and Natoli, P. and Noviello, F. and Novikov, D. and Novikov, I. and Oxborrow, C. A. and Paci, F. and Pagano, L. and Pajot, F. and Paoletti, D. and Partridge, B. and Pasian, F. and Patanchon, G. and Pearson, T. J. and Perdereau, O. and Perotto, L. and Pettorino, V. and Piacentini, F. and Piat, M. and Pierpaoli, E. and Pietrobon, D. and Plaszczynski, S. and Pointecouteau, E. and Polenta, G. and Ponthieu, N. and Pratt, G. W. and Prunet, S. and Puget, J.-L. and Rachen, J. P. and Reinecke, M. and Remazeilles, M. and Renault, C. and Renzi, A. and Ristorcelli, I. and Rocha, G. and Rossetti, M. and Roudier, G. and {Rouill\'e d'Orfeuil}, B. and {Rubi\~no-Mart\'in}, J. A. and Rusholme, B. and Salvati, L. and Sandri, M. and Santos, D. and Savelainen, M. and Savini, G. and Scott, D. and Serra, P. and Spencer, L. D. and Spinelli, M. and Stolyarov, V. and Stompor, R. and Sunyaev, R. and Sutton, D. and {Suur-Uski}, A.-S. and Sygnet, J.-F. and Tauber, J. A. and Terenzi, L. and Toffolatti, L. and Tomasi, M. and Tristram, M. and Trombetti, T. and Tucci, M. and Tuovinen, J. and Umana, G. and Valenziano, L. and Valiviita, J. and Van Tent, F. and Vielva, P. and Villa, F. and Wade, L. A. and Wandelt, B. D. and Wehus, I. K. and Yvon, D. and Zacchei, A. and Zonca, A.},
  month = oct,
  year = {2016},
  pages = {A11},
  file = {/home/yao/Zotero/storage/LUMFS93G/Planck Collaboration et al. - 2016 - iPlancki 2015 results XI. CMB power spectra,.pdf}
}

@article{planckcollaborationPlanck2013Results2014,
  title = {{\emph{Planck}} 2013 Results. {{XV}}. {{CMB}} Power Spectra and Likelihood},
  volume = {571},
  issn = {0004-6361, 1432-0746},
  doi = {10.1051/0004-6361/201321573},
  language = {en},
  journal = {Astron. Astrophys.},
  author = {{Planck Collaboration} and Ade, P. A. R. and Aghanim, N. and {Armitage-Caplan}, C. and Arnaud, M. and Ashdown, M. and {Atrio-Barandela}, F. and Aumont, J. and Baccigalupi, C. and Banday, A. J. and Barreiro, R. B. and Bartlett, J. G. and Battaner, E. and Benabed, K. and Beno\^it, A. and {Benoit-L\'evy}, A. and Bernard, J.-P. and Bersanelli, M. and Bielewicz, P. and Bobin, J. and Bock, J. J. and Bonaldi, A. and Bonavera, L. and Bond, J. R. and Borrill, J. and Bouchet, F. R. and Boulanger, F. and Bridges, M. and Bucher, M. and Burigana, C. and Butler, R. C. and Calabrese, E. and Cardoso, J.-F. and Catalano, A. and Challinor, A. and Chamballu, A. and Chiang, H. C. and Chiang, L.-Y and Christensen, P. R. and Church, S. and Clements, D. L. and Colombi, S. and Colombo, L. P. L. and Combet, C. and Couchot, F. and Coulais, A. and Crill, B. P. and Curto, A. and Cuttaia, F. and Danese, L. and Davies, R. D. and Davis, R. J. and {de Bernardis}, P. and {de Rosa}, A. and {de Zotti}, G. and Delabrouille, J. and Delouis, J.-M. and D\'esert, F.-X. and Dickinson, C. and Diego, J. M. and Dole, H. and Donzelli, S. and Dor\'e, O. and Douspis, M. and Dunkley, J. and Dupac, X. and Efstathiou, G. and Elsner, F. and En\ss{}lin, T. A. and Eriksen, H. K. and Finelli, F. and Forni, O. and Frailis, M. and Fraisse, A. A. and Franceschi, E. and Gaier, T. C. and Galeotta, S. and Galli, S. and Ganga, K. and Giard, M. and Giardino, G. and {Giraud-H\'eraud}, Y. and Gjerl\o{}w, E. and {Gonz\'alez-Nuevo}, J. and G\'orski, K. M. and Gratton, S. and Gregorio, A. and Gruppuso, A. and Gudmundsson, J. E. and Hansen, F. K. and Hanson, D. and Harrison, D. and Helou, G. and {Henrot-Versill\'e}, S. and {Hern\'andez-Monteagudo}, C. and Herranz, D. and Hildebrandt, S. R. and Hivon, E. and Hobson, M. and Holmes, W. A. and Hornstrup, A. and Hovest, W. and Huffenberger, K. M. and Hurier, G. and Jaffe, A. H. and Jaffe, T. R. and Jewell, J. and Jones, W. C. and Juvela, M. and Keih\"anen, E. and Keskitalo, R. and Kiiveri, K. and Kisner, T. S. and Kneissl, R. and Knoche, J. and Knox, L. and Kunz, M. and {Kurki-Suonio}, H. and Lagache, G. and L\"ahteenm\"aki, A. and Lamarre, J.-M. and Lasenby, A. and Lattanzi, M. and Laureijs, R. J. and Lawrence, C. R. and Le Jeune, M. and Leach, S. and Leahy, J. P. and Leonardi, R. and {Le\'on-Tavares}, J. and Lesgourgues, J. and Liguori, M. and Lilje, P. B. and {Linden-V\o{}rnle}, M. and Lindholm, V. and {L\'opez-Caniego}, M. and Lubin, P. M. and {Mac\'ias-P\'erez}, J. F. and Maffei, B. and Maino, D. and Mandolesi, N. and Marinucci, D. and Maris, M. and Marshall, D. J. and Martin, P. G. and {Mart\'inez-Gonz\'alez}, E. and Masi, S. and Massardi, M. and Matarrese, S. and Matthai, F. and Mazzotta, P. and Meinhold, P. R. and Melchiorri, A. and Mendes, L. and Menegoni, E. and Mennella, A. and Migliaccio, M. and Millea, M. and Mitra, S. and {Miville-Desch\^enes}, M.-A. and Molinari, D. and Moneti, A. and Montier, L. and Morgante, G. and Mortlock, D. and Moss, A. and Munshi, D. and Murphy, J. A. and Naselsky, P. and Nati, F. and Natoli, P. and Netterfield, C. B. and {N\o{}rgaard-Nielsen}, H. U. and Noviello, F. and Novikov, D. and Novikov, I. and O'Dwyer, I. J. and Orieux, F. and Osborne, S. and Oxborrow, C. A. and Paci, F. and Pagano, L. and Pajot, F. and Paladini, R. and Paoletti, D. and Partridge, B. and Pasian, F. and Patanchon, G. and Paykari, P. and Perdereau, O. and Perotto, L. and Perrotta, F. and Piacentini, F. and Piat, M. and Pierpaoli, E. and Pietrobon, D. and Plaszczynski, S. and Pointecouteau, E. and Polenta, G. and Ponthieu, N. and Popa, L. and Poutanen, T. and Pratt, G. W. and Pr\'ezeau, G. and Prunet, S. and Puget, J.-L. and Rachen, J. P. and Rahlin, A. and Rebolo, R. and Reinecke, M. and Remazeilles, M. and Renault, C. and Ricciardi, S. and Riller, T. and Ringeval, C. and Ristorcelli, I. and Rocha, G. and Rosset, C. and Roudier, G. and {Rowan-Robinson}, M. and {Rubi\~no-Mart\'in}, J. A. and Rusholme, B. and Sandri, M. and Sanselme, L. and Santos, D. and Savini, G. and Scott, D. and Seiffert, M. D. and Shellard, E. P. S. and Spencer, L. D. and Starck, J.-L. and Stolyarov, V. and Stompor, R. and Sudiwala, R. and Sureau, F. and Sutton, D. and {Suur-Uski}, A.-S. and Sygnet, J.-F. and Tauber, J. A. and Tavagnacco, D. and Terenzi, L. and Toffolatti, L. and Tomasi, M. and Tristram, M. and Tucci, M. and Tuovinen, J. and T\"urler, M. and Valenziano, L. and Valiviita, J. and Van Tent, B. and Varis, J. and Vielva, P. and Villa, F. and Vittorio, N. and Wade, L. A. and Wandelt, B. D. and Wehus, I. K. and White, M. and White, S. D. M. and Yvon, D. and Zacchei, A. and Zonca, A.},
  month = nov,
  year = {2014},
  pages = {A15},
  file = {/home/yao/Zotero/storage/5APSWDBT/Planck Collaboration et al. - 2014 - iPlancki 2013 results. XV. CMB power spectra .pdf}
}

@article{trashorrasInstallingCosmoMCPlanck,
  title = {Installing {{CosmoMC}} \& the {{Planck}} Likelihood},
  language = {en},
  author = {Trashorras, Manuel},
  pages = {10},
  file = {/home/yao/Zotero/storage/M4WUERVQ/Trashorras - Installing CosmoMC & the Planck likelihood.pdf}
}


